%%% PROCEEDINGS %%%%%%%%%%%%%%%%%%%%%%%%%%%%%%%%%%%%%%%%%%%%%%%%%%%%%%%%%
     
@inproceedings{GMP81,
   author = "Mark Goresky and Robert MacPherson",
    title = "On the topology of complex algebraic maps",
booktitle = "Algebraic Geometry Proceedings, La R\'abida,
             Lecture Notes in Mathematics",
   number = 961,
     year = 1981}    
     
@inproceedings{Kwi97,
   author = "Michal Kwiecinski",
    title = "Mac{P}herson's graph construction",
booktitle = "Algebraic Geometry, 
             Lecture Notes in Pure and Applied Mathematics",
   editor = "Sinan Sert{\"o}z",
   volume = 193,
     year = 1987}
     
@inproceedings{MP81,
   author = "Robert MacPherson",
    title = "Singularities of vector bundle maps",
booktitle = "Proceedings of Liverpool Singularities, 
             Lecture Notes in Mathematics",
   number = 192,
     year = 1981} 
     
@inproceedings{Shi84,
   author = "Theodore Shifrin",
    title = "Curvature integrals and {C}hern classes of singular varieties",
booktitle = "Integral Geoemetry, Proceedings,
             Contemporary Mathematics",
   volume = 63,
     year = 1984}
     
@inproceedings{Sul81,
   author = "D. Sullivan",
    title = "Combinatorical invariants of analytic spaces",
booktitle = "Proceedings of Liverpool Singularities, 
             Lecture Notes in Mathematics",
   number = 192,
     year = 1981}
     
%%% ARTICLES %%%%%%%%%%%%%%%%%%%%%%%%%%%%%%%%%%%%%%%%%%%%%%%%%%%%%%%%%%%%

@article{TM83,
  author = "Leung Trang and Zoghman Mebkhout",
   title = "Vari\'et\'es caract\'eristiques et vari\'et\'es polaires",
 journal = "C. R. Acad. Sc. Paris",
  volume = 296,
    year = 1983,
   pages = "129--132",
   url = "http://www.svenfrank-media.com"
   }

@article{BMM94,
  author = "Jo{\"e}l Birancon and Philippe Maisonobe and Michel Merle",
   title = "Localisation de systemes diff\'erentiels, stratifications
            de {W}hitney et condition de {T}hom",
 journal = "Invent. Math.",
  volume = 117,
    year = 1994,
   pages = "531--550"}

@article{PP95,
  author = "Adam Parusinski and Piotr Pragacz",
   title = "A formula for the {E}uler characteristic of singular hypersurfaces",
 journal = "J. Alg. Geom.",
  volume = 4,
    year = 1995,
   pages = "337-351"}
    
@article{Bry82,
  author = "Jean--Luc Brylinski",
   title = "({C}o)--{H}omologie d'intersection et faisceaux pervers",
 journal = "S\'eminaire Bourbaki",
  volume = 585,
    year = 1982,
   pages = "129--157"}
    
@article{Ken90x,
  author = "Gary Kennedy",
   title = "Specialization of {M}ac{P}herson's {C}hern classes",
 journal = "Math. Scand.",
  volume = 66,
    year = 1990,
   pages = "12--16"}
    
@article{Par88,
  author = "Adam Parusinski",
   title = "A generalization of the {M}ilnor number",
 journal = "Math. Ann.",
  volume = 281,
    year = 1988,
   pages = "247--254"}    
    
@article{TT81,
  author = "Leung Trang and Bernard Teissier",
   title = "Vari\'et\'es polaires locales et classes de {C}hern des
            vari\'et\'es singulieres",
 journal = "Ann. of Math.",
  volume = 114,
    year = 1981,
   pages = "457--491"}    
    
@article{ST95,
  author = "Dirk Siersma and Mihai Tibar",
   title = "Singularities at infinity and their vanishing cycles",
 journal = "Duke Math. J.",
  volume = 80,
    year = 1995,
   pages = "771--783"}    
    
@article{Whi65,
  author = "Hassler Whitney",
   title = "Tangents to an analytic variety",
 journal = "Ann. of Math.",
  volume = 81,
    year = 1965,
   pages = "496--549"}


%%% BOOKS %%%%%%%%%%%%%%%%%%%%%%%%%%%%%%%%%%%%%%%%%%%%%%%%%%%%%%%%%%%%   
@book{aristotle:anima,
  author       = {Aristotle},
  title        = {De Anima},
  publisher    = "cup",
  year 		= "1800"
}

@book{aristotle:physics,
  author       = {Aristotle},
  title        = {Physics},
  publisher    = {G. P. Putnam},
  year = "1742",
  url = "http://de.wikipedia.org/wiki/Aristoteles"
}

@book{aristotle:poetics,
  author       = {Aristotle},
  title        = {Poetics},
  year         = 1968,
  series       = {Clarendon Aristotle},
  publisher    = {Clarendon Press},
  url = "http://de.wikipedia.org/wiki/Aristoteles"
}

@book{aristotle:rhetoric,
  author       = {Aristotle},
  title        = {The Rhetoric of Aristotle with a commentary by the late Edward
                  Meredith Cope},
  year         = 1877,
  publisher    = {Clarendon Press},
  url = "http://de.wikipedia.org/wiki/Aristoteles"
  }

@book{augustine,
  author       = {Augustine, Robert L.},
  title        = {Heterogeneous catalysis for the synthetic chemist},
  year         = 1995,
  publisher    = {Marcel Dekker},
  address     = {New York}
}

@book{averroes,
  author       = {Averroes},
  title        = {The Epistle on the Possibility of Conjunction with the Active
                  Intellect by Ibn Rushd with the Commentary of Moses Narboni},
  year         = 1982,
  series       = {Moreshet: Studies in Jewish History, Literature and Thought},
  number       = 7,
  publisher    = {Jewish Theological Seminary of America}
}

%%% Manual %%%%%%%%%%%%%%%%%%%%%%%%%%%%%%%%%%%%%%%%%%%%%%%%%%%%%%%%%%%%
@manual{manual1,
  title        = "Health-Systems",
  author       = {Peter Gainsford}, 
  organization = "World Health",
  address      = "New York",
  edition      = "3",
  month        = "June",
  year         = 1993,
  note         = "Just a note"
}
@manual{manual2,
  title        = "Health-Systems",
  author       = {Peter Gainsford}, 
  organization = "World Health",
  address      = "New York",
  edition      = "3",
  month        = "June",
  year         = 1993,
  note         = "Just a note"
}
@manual{manual3,
  title        = "Health-Systems",
  author       = {Peter Gainsford}, 
  organization = "World Health",
  address      = "New York",
  edition      = "3",
  month        = "June",
  year         = 1993,
  note         = "Just a note"
}

@manual{petergriff,
  title        = "How to write a comic",
  author       = {Peter Griffin}, 
  organization = "Marvel",
  address      = "Los Angeles",
  edition      = "1",
  month        = "May",
  url = "http://de.wikipedia.org/wiki/Family_Guy",
  year         = 2001
}

@manual{handball,
  title        = "Handball",
  author       = {Henning Fritz}, 
  organization = "DHB",
  address      = "Berlin",
  edition      = "2",
  month        = "December",
  year         = 1999,
  url = "http://de.wikipedia.org/wiki/Handball",
  note         = "Important"
}

@manual{jedi,
  title        = "Laser sword",
  author       = {Luke Skywalker}, 
  organization = "Jedi",
  address = "Starship",
  edition      = "1",
  month        = "June",
  year         = 1983,
  url = "http://de.wikipedia.org/wiki/Lichtschwert",
  note         = "Decribes how to handle a laser sword"
}

%%% Conference %%%%%%%%%%%%%%%%%%%%%%%%%%%%%%%%%%%%%%%%%%%%%%%%%%%%%%%%%%%%

@Conference{Meyer10,
	Author={Lukas Meyer},
	Title="A short Conference Test",
	Booktitle="The Book of Conferences",
	month = "June",
	Year=2010
}

@Conference{Stelke15,
	Author={Marcus Stelke},
	Title="Die Geschichte der Modellierung",
	Booktitle="Die groﬂe Welt der Modellierung",
	Year=2015,
	Volume=800,
	Pages={100--134},
	Month="April",
	Address="Braunschweig, Germany",
	Organization="Usenix Association"
}

%%% Demo %%%%%%%%%%%%%%%%%%%%%%%%%%%%%%%%%%%%%%%%%%%%%%%%%%%%%%%%%%%%
