@Article{lala,
	title = "Implementing {H}askell: Language Implementation as a Tool Building Exercise",
	Author={Diomidis Spinellis and Someone, Else},
	Journal="Structured Programming (Software Concepts and Tools)",
	Volume="14",
	Pages="37--48",
	Year="1993",
	URL = "http://www.dmst.aueb.gr/dds/pubs/jrnl/1993-StrProg-Haskell/html/exp.html"
}